@article{resnick1997recommender,
  title={Recommender systems},
  author={Resnick, Paul and Varian, Hal R},
  journal={Communications of the ACM},
  volume={40},
  number={3},
  pages={56--58},
  year={1997},
  publisher={ACM}
}

@article{bobadilla2013recommender,
  title={Recommender systems survey},
  author={Bobadilla, Jes{\'u}s and Ortega, Fernando and Hernando, Antonio and Guti{\'e}rrez, Abraham},
  journal={Knowledge-Based Systems},
  volume={46},
  pages={109--132},
  year={2013},
  publisher={Elsevier}
}

@book{sutton1998reinforcement,
  title={Reinforcement learning: An introduction},
  author={Sutton, Richard S and Barto, Andrew G},
  volume={1},
  year={1998},
  publisher={MIT press Cambridge}
}

@article{shani2005mdp,
  title={An MDP-based recommender system},
  author={Shani, Guy and Heckerman, David and Brafman, Ronen I},
  journal={Journal of Machine Learning Research},
  volume={6},
  number={Sep},
  pages={1265--1295},
  year={2005}
}

@inproceedings{wang2015collaborative,
  title={Collaborative deep learning for recommender systems},
  author={Wang, Hao and Wang, Naiyan and Yeung, Dit-Yan},
  booktitle={Proceedings of the 21th ACM SIGKDD International Conference on Knowledge Discovery and Data Mining},
  pages={1235--1244},
  year={2015},
  organization={ACM}
}

@article{bengio2013representation,
  title={Representation learning: A review and new perspectives},
  author={Bengio, Yoshua and Courville, Aaron and Vincent, Pascal},
  journal={IEEE transactions on pattern analysis and machine intelligence},
  volume={35},
  number={8},
  pages={1798--1828},
  year={2013},
  publisher={IEEE}
}

@article{Dulac-Arnold2015,
archivePrefix = {arXiv},
arxivId = {1512.07679},
author = {Dulac-Arnold, Gabriel and Evans, Richard and van Hasselt, Hado and Sunehag, Peter and Lillicrap, Timothy and Hunt, Jonathan and Mann, Timothy and Weber, Theophane and Degris, Thomas and Coppin, Ben},
eprint = {1512.07679},
title = {{Deep Reinforcement Learning in Large Discrete Action Spaces}},
url = {http://arxiv.org/abs/1512.07679},
year = {2015}
}

@incollection{melville2011recommender,
  title={Recommender systems},
  author={Melville, Prem and Sindhwani, Vikas},
  booktitle={Encyclopedia of machine learning},
  pages={829--838},
  year={2011},
  publisher={Springer}
}

@inproceedings{resnick1994grouplens,
  title={GroupLens: an open architecture for collaborative filtering of netnews},
  author={Resnick, Paul and Iacovou, Neophytos and Suchak, Mitesh and Bergstrom, Peter and Riedl, John},
  booktitle={Proceedings of the 1994 ACM conference on Computer supported cooperative work},
  pages={175--186},
  year={1994},
  organization={ACM}
}

@inproceedings{breese1998empirical,
  title={Empirical analysis of predictive algorithms for collaborative filtering},
  author={Breese, John S and Heckerman, David and Kadie, Carl},
  booktitle={Proceedings of the Fourteenth conference on Uncertainty in artificial intelligence},
  pages={43--52},
  year={1998},
  organization={Morgan Kaufmann Publishers Inc.}
}

@inproceedings{yildirim2008random,
  title={A random walk method for alleviating the sparsity problem in collaborative filtering},
  author={Yildirim, Hilmi and Krishnamoorthy, Mukkai S},
  booktitle={Proceedings of the 2008 ACM conference on Recommender systems},
  pages={131--138},
  year={2008},
  organization={ACM}
}

@article{linden2003amazon,
  title={Amazon. com recommendations: Item-to-item collaborative filtering},
  author={Linden, Greg and Smith, Brent and York, Jeremy},
  journal={IEEE Internet computing},
  volume={7},
  number={1},
  pages={76--80},
  year={2003},
  publisher={IEEE}
}

@article{koren2009matrix,
  title={Matrix factorization techniques for recommender systems},
  author={Koren, Yehuda and Bell, Robert and Volinsky, Chris and others},
  journal={Computer},
  volume={42},
  number={8},
  pages={30--37},
  year={2009},
  publisher={Institute of Electrical and Electronics Engineers, Inc., 3 Park Avenue, 17 th Fl New York NY 10016-5997 United States}
}

@article{balabanovic1997fab,
  title={Fab: content-based, collaborative recommendation},
  author={Balabanovi{\'c}, Marko and Shoham, Yoav},
  journal={Communications of the ACM},
  volume={40},
  number={3},
  pages={66--72},
  year={1997},
  publisher={ACM}
}

@article{pazzani1997learning,
  title={Learning and revising user profiles: The identification of interesting web sites},
  author={Pazzani, Michael and Billsus, Daniel},
  journal={Machine learning},
  volume={27},
  number={3},
  pages={313--331},
  year={1997},
  publisher={Springer}
}

@inproceedings{melville2002content,
  title={Content-boosted collaborative filtering for improved recommendations},
  author={Melville, Prem and Mooney, Raymond J and Nagarajan, Ramadass},
  booktitle={Aaai/iaai},
  pages={187--192},
  year={2002}
}

@inproceedings{wu2016collaborative,
  title={Collaborative denoising auto-encoders for top-n recommender systems},
  author={Wu, Yao and DuBois, Christopher and Zheng, Alice X and Ester, Martin},
  booktitle={Proceedings of the Ninth ACM International Conference on Web Search and Data Mining},
  pages={153--162},
  year={2016},
  organization={ACM}
}

@inproceedings{zimdars2001using,
  title={Using temporal data for making recommendations},
  author={Zimdars, Andrew and Chickering, David Maxwell and Meek, Christopher},
  booktitle={Proceedings of the Seventeenth conference on Uncertainty in artificial intelligence},
  pages={580--588},
  year={2001},
  organization={Morgan Kaufmann Publishers Inc.}
}

@article{kaelbling1996reinforcement,
  title={Reinforcement learning: A survey},
  author={Kaelbling, Leslie Pack and Littman, Michael L and Moore, Andrew W},
  journal={Journal of artificial intelligence research},
  volume={4},
  pages={237--285},
  year={1996}
}

@article{katehakis1987multi,
  title={The multi-armed bandit problem: decomposition and computation},
  author={Katehakis, Michael N and Veinott Jr, Arthur F},
  journal={Mathematics of Operations Research},
  volume={12},
  number={2},
  pages={262--268},
  year={1987},
  publisher={INFORMS}
}

@article{watkins1992q,
  title={Q-learning},
  author={Watkins, Christopher JCH and Dayan, Peter},
  journal={Machine learning},
  volume={8},
  number={3-4},
  pages={279--292},
  year={1992},
  publisher={Springer}
}

@article{ten2003exploration,
  title={Exploration/exploitation in adaptive recommender systems},
  author={Ten Hagen, Stephan and Van Someren, Maarten and Hollink, Vera},
  journal={proceedings of Eunite 2003},
  year={2003},
  publisher={Citeseer}
}

@article{rojanavasu2005new,
  title={New recommendation system using reinforcement learning},
  author={Rojanavasu, Pornthep and Srinil, Phaitoon and Pinngern, Ouen},
  journal={Special Issue of the Intl. J. Computer, the Internet and Management},
  volume={13},
  year={2005}
}

@inproceedings{taghipour2007usage,
  title={Usage-based web recommendations: a reinforcement learning approach},
  author={Taghipour, Nima and Kardan, Ahmad and Ghidary, Saeed Shiry},
  booktitle={Proceedings of the 2007 ACM conference on Recommender systems},
  pages={113--120},
  year={2007},
  organization={ACM}
}

@inproceedings{taghipour2008hybrid,
  title={A hybrid web recommender system based on q-learning},
  author={Taghipour, Nima and Kardan, Ahmad},
  booktitle={Proceedings of the 2008 ACM symposium on Applied computing},
  pages={1164--1168},
  year={2008},
  organization={ACM}
}

@article{godoy2006modeling,
  title={Modeling user interests by conceptual clustering},
  author={Godoy, Daniela and Amandi, Anal{\'\i}a},
  journal={Information Systems},
  volume={31},
  number={4},
  pages={247--265},
  year={2006},
  publisher={Elsevier}
}

@inproceedings{liebman2015dj,
  title={Dj-mc: A reinforcement-learning agent for music playlist recommendation},
  author={Liebman, Elad and Saar-Tsechansky, Maytal and Stone, Peter},
  booktitle={Proceedings of the 2015 International Conference on Autonomous Agents and Multiagent Systems},
  pages={591--599},
  year={2015},
  organization={International Foundation for Autonomous Agents and Multiagent Systems}
}

@article{chaslot2010monte,
  title={Monte-carlo tree search},
  author={Chaslot, Guillaume},
  journal={Maastricht: Universiteit Maastricht},
  year={2010}
}

@article{mnih2013playing,
  title={Playing atari with deep reinforcement learning},
  author={Mnih, Volodymyr and Kavukcuoglu, Koray and Silver, David and Graves, Alex and Antonoglou, Ioannis and Wierstra, Daan and Riedmiller, Martin},
  journal={arXiv preprint arXiv:1312.5602},
  year={2013}
}

@article{mnih2015human,
  title={Human-level control through deep reinforcement learning},
  author={Mnih, Volodymyr and Kavukcuoglu, Koray and Silver, David and Rusu, Andrei A and Veness, Joel and Bellemare, Marc G and Graves, Alex and Riedmiller, Martin and Fidjeland, Andreas K and Ostrovski, Georg and others},
  journal={Nature},
  volume={518},
  number={7540},
  pages={529--533},
  year={2015},
  publisher={Nature Publishing Group}
}

@article{adam2012experience,
  title={Experience replay for real-time reinforcement learning control},
  author={Adam, Sander and Busoniu, Lucian and Babuska, Robert},
  journal={IEEE Transactions on Systems, Man, and Cybernetics, Part C (Applications and Reviews)},
  volume={42},
  number={2},
  pages={201--212},
  year={2012},
  publisher={IEEE}
}

@inproceedings{bellemare2012investigating,
  title={Investigating Contingency Awareness Using Atari 2600 Games.},
  author={Bellemare, Marc G and Veness, Joel and Bowling, Michael},
  booktitle={AAAI},
  year={2012}
}

@article{lillicrap2015continuous,
  title={Continuous control with deep reinforcement learning},
  author={Lillicrap, Timothy P and Hunt, Jonathan J and Pritzel, Alexander and Heess, Nicolas and Erez, Tom and Tassa, Yuval and Silver, David and Wierstra, Daan},
  journal={arXiv preprint arXiv:1509.02971},
  year={2015}
}

@article{Silver2014,
author = {Silver, David and Lever, Guy and Heess, Nicolas and Degris, Thomas and Wierstra, Daan and Riedmiller, Martin},
isbn = {9781634393973},
journal = {Proceedings of the 31st International Conference on Machine Learning (ICML-14)},
pages = {387--395},
title = {{Deterministic Policy Gradient Algorithms}},
year = {2014}
}

@article{ioffe2015batch,
  title={Batch normalization: Accelerating deep network training by reducing internal covariate shift},
  author={Ioffe, Sergey and Szegedy, Christian},
  journal={arXiv preprint arXiv:1502.03167},
  year={2015}
}

@article{bibbona2008ornstein,
  title={The Ornstein--Uhlenbeck process as a model of a low pass filtered white noise},
  author={Bibbona, Enrico and Panfilo, Gianna and Tavella, Patrizia},
  journal={Metrologia},
  volume={45},
  number={6},
  pages={S117},
  year={2008},
  publisher={IOP Publishing}
}

@article{brockman2016openai,
  title={OpenAI Gym},
  author={Brockman, Greg and Cheung, Vicki and Pettersson, Ludwig and Schneider, Jonas and Schulman, John and Tang, Jie and Zaremba, Wojciech},
  journal={arXiv preprint arXiv:1606.01540},
  year={2016}
}

@article{harper2016movielens,
  title={The movielens datasets: History and context},
  author={Harper, F Maxwell and Konstan, Joseph A},
  journal={ACM Transactions on Interactive Intelligent Systems (TiiS)},
  volume={5},
  number={4},
  pages={19},
  year={2016},
  publisher={ACM}
}

@article{rendle2012factorization,
  title={Factorization machines with libfm},
  author={Rendle, Steffen},
  journal={ACM Transactions on Intelligent Systems and Technology (TIST)},
  volume={3},
  number={3},
  pages={57},
  year={2012},
  publisher={ACM}
}

@inproceedings{rendle2011fast,
  title={Fast context-aware recommendations with factorization machines},
  author={Rendle, Steffen and Gantner, Zeno and Freudenthaler, Christoph and Schmidt-Thieme, Lars},
  booktitle={Proceedings of the 34th international ACM SIGIR conference on Research and development in Information Retrieval},
  pages={635--644},
  year={2011},
  organization={ACM}
}

@article{freudenthaler2011bayesian,
  title={Bayesian factorization machines},
  author={Freudenthaler, Christoph and Schmidt-Thieme, Lars and Rendle, Steffen},
  year={2011},
  publisher={Citeseer}
}

@inproceedings{rendle2009bpr,
  title={BPR: Bayesian personalized ranking from implicit feedback},
  author={Rendle, Steffen and Freudenthaler, Christoph and Gantner, Zeno and Schmidt-Thieme, Lars},
  booktitle={Proceedings of the twenty-fifth conference on uncertainty in artificial intelligence},
  pages={452--461},
  year={2009},
  organization={AUAI Press}
}

@techreport{joachims1999making,
  title={Making large scale SVM learning practical},
  author={Joachims, Thorsten},
  year={1999},
  institution={Universit{\"a}t Dortmund}
}

@article{bayer2015fastfm,
  title={Fastfm: a library for factorization machines},
  author={Bayer, Immanuel},
  journal={arXiv preprint arXiv:1505.00641},
  year={2015}
}

@inproceedings{rendle2010factorization,
  title={Factorization machines},
  author={Rendle, Steffen},
  booktitle={2010 IEEE International Conference on Data Mining},
  pages={995--1000},
  year={2010},
  organization={IEEE}
}

@article{friedman1977algorithm,
  title={An algorithm for finding best matches in logarithmic expected time},
  author={Friedman, Jerome H and Bentley, Jon Louis and Finkel, Raphael Ari},
  journal={ACM Transactions on Mathematical Software (TOMS)},
  volume={3},
  number={3},
  pages={209--226},
  year={1977},
  publisher={ACM}
}
